@ARTICLE{bowman:reasoning,
	AUTHOR = "Mic Bowman and Saumya K. Debray and Larry L. Peterson",
	TITLE = "Reasoning About Naming Systems",
	JOURNAL = "ACM Trans. Program. Lang. Syst.",
	VOLUME = {15},
	NUMBER = {5},
	PAGES = {795-825},
	MONTH = "November",
	YEAR = {1993}	}

@ARTICLE{braams:babel,
	AUTHOR = "Johannes Braams",
	TITLE = "Babel, a Multilingual Style-Option System for Use with LaTeX's Standard Document Styles",
	JOURNAL = {TUGboat},
	VOLUME = {12},
	NUMBER = {2},
	PAGES = {291-301},
	MONTH = "June",
	YEAR = {1991}	}

@INPROCEEDINGS{clark:pct,
	AUTHOR = "Malcolm Clark",
	TITLE = "Post Congress Tristesse",
	BOOKTITLE = "TeX90 Conference Proceedings",
	PAGES = "84-89",
	ORGANIZATION = "TeX Users Group",
	MONTH = "March", 
	YEAR = {1991}	}

@ARTICLE{herlihy:methodology,
	AUTHOR = "Maurice Herlihy",
	TITLE = "A Methodology for Implementing Highly Concurrent
	Data Objects",
	JOURNAL = {ACM Trans. Program. Lang. Syst.},
	VOLUME = {15},
	NUMBER = {5},
	PAGES = {745-770},
	MONTH = "November",
	YEAR = {1993}	}

@BOOK{Lamport:LaTeX,
	AUTHOR = "Leslie Lamport",
	TITLE = "LaTeX User's Guide and Document Reference Manual",
	PUBLISHER = "Addison-Wesley Publishing Company",
	ADDRESS = "Reading, Massachusetts",
	YEAR = "1986"	}

@BOOK{salas:calculus,
	AUTHOR = "S.L. Salas and Einar Hille",
	TITLE = "Calculus: One and Several Variable",
	PUBLISHER = "John Wiley and Sons",
	ADDRESS = "New York",
	YEAR = "1978"	}

@InProceedings{clarke_what_2007,
  author =	{Steven Clarke},
  title =	{{What is an End User Software Engineerl}},
  booktitle =	{End-User Software Engineering},
  year =	{2007},
  editor =	{Margaret H. Burnett and Gregor Engels and Brad A. Myers and Gregg Rothermel},
  number =	{07081},
  series =	{Dagstuhl Seminar Proceedings},
  ISSN =	{1862-4405},
  publisher =	{Schloss Dagstuhl - Leibniz-Zentrum fuer Informatik, Germany},
  address =	{Dagstuhl, Germany},
  URL =		{http://drops.dagstuhl.de/opus/volltexte/2007/1080},
  annote =	{Keywords: Personas, End user software engineer, Professional software engineer}
}

@article{ko_state_2011,
 author = {Ko, Andrew J. and Abraham, Robin and Beckwith, Laura and Blackwell, Alan and Burnett, Margaret and Erwig, Martin and Scaffidi, Chris and Lawrance, Joseph and Lieberman, Henry and Myers, Brad and Rosson, Mary Beth and Rothermel, Gregg and Shaw, Mary and Wiedenbeck, Susan},
 title = {The State of the Art in End-user Software Engineering},
 journal = {ACM Comput. Surv.},
 issue_date = {April 2011},
 volume = {43},
 number = {3},
 month = apr,
 year = {2011},
 issn = {0360-0300},
 pages = {21:1--21:44},
 articleno = {21},
 numpages = {44},
 url = {http://doi.acm.org/10.1145/1922649.1922658},
 doi = {10.1145/1922649.1922658},
 acmid = {1922658},
 publisher = {ACM},
 address = {New York, NY, USA},
 keywords = {End-user software engineering, end-user development, end-user programming, human-computer interaction, visual programming},
} 

@inproceedings{brandt_two_2009,
 author = {Brandt, Joel and Guo, Philip J. and Lewenstein, Joel and Dontcheva, Mira and Klemmer, Scott R.},
 title = {Two Studies of Opportunistic Programming: Interleaving Web Foraging, Learning, and Writing Code},
 booktitle = {Proceedings of the SIGCHI Conference on Human Factors in Computing Systems},
 series = {CHI '09},
 year = {2009},
 isbn = {978-1-60558-246-7},
 location = {Boston, MA, USA},
 pages = {1589--1598},
 numpages = {10},
 url = {http://doi.acm.org/10.1145/1518701.1518944},
 doi = {10.1145/1518701.1518944},
 acmid = {1518944},
 publisher = {ACM},
 address = {New York, NY, USA},
 keywords = {copy-and-paste, opportunistic programming, prototyping},
} 

@inproceedings{mamykina_fastest_2011,
 author = {Mamykina, Lena and Manoim, Bella and Mittal, Manas and Hripcsak, George and Hartmann, Bj\"{o}rn},
 title = {Design Lessons from the Fastest Q\&A Site in the West},
 booktitle = {Proceedings of the SIGCHI Conference on Human Factors in Computing Systems},
 series = {CHI '11},
 year = {2011},
 isbn = {978-1-4503-0228-9},
 location = {Vancouver, BC, Canada},
 pages = {2857--2866},
 numpages = {10},
 url = {http://doi.acm.org/10.1145/1978942.1979366},
 doi = {10.1145/1978942.1979366},
 acmid = {1979366},
 publisher = {ACM},
 address = {New York, NY, USA},
 keywords = {mixed methods analysis, q\&\#38;a},
} 

@INPROCEEDINGS{head_tutorons_2015,
	author={A. Head and C. Appachu and M. A. Hearst and B. Hartmann},
	booktitle={Visual Languages and Human-Centric Computing (VL/HCC), 2015 IEEE Symposium on},
	title={Tutorons: Generating context-relevant, on-demand explanations and demonstrations of online code},
	year={2015},
	pages={3-12},
	keywords={computer aided instruction;computer science education;source code (software);CSS selectors;Tutoron-generated explanations;co-occurring options compound explanations building;code demonstration synthesis;code modification tasks;context-relevant online code explanation;in-situ natural language explanations;language-specific routines;on-demand online code explanations;online code demonstrations;parse tree traversal;regular expressions;template instantiation;wget Unix command;Cascading style sheets;Visualization},
	doi={10.1109/VLHCC.2015.7356972},
	month={Oct},
}

@inproceedings{hill_edit_1992,
 author = {Hill, William C. and Hollan, James D. and Wroblewski, Dave and McCandless, Tim},
 title = {Edit Wear and Read Wear},
 booktitle = {Proceedings of the SIGCHI Conference on Human Factors in Computing Systems},
 series = {CHI '92},
 year = {1992},
 isbn = {0-89791-513-5},
 location = {Monterey, California, USA},
 pages = {3--9},
 numpages = {7},
 url = {http://doi.acm.org/10.1145/142750.142751},
 doi = {10.1145/142750.142751},
 acmid = {142751},
 publisher = {ACM},
 address = {New York, NY, USA},
 keywords = {graphical user interfaces, informational physics, interface mechanisms, professional work, reflective practitioner},
}

@inproceedings{brandt_opportunistic_2008,
 author = {Brandt, Joel and Guo, Philip J. and Lewenstein, Joel and Klemmer, Scott R.},
 title = {Opportunistic Programming: How Rapid Ideation and Prototyping Occur in Practice},
 booktitle = {Proceedings of the 4th International Workshop on End-user Software Engineering},
 series = {WEUSE '08},
 year = {2008},
 isbn = {978-1-60558-034-0},
 location = {Leipzig, Germany},
 pages = {1--5},
 numpages = {5},
 url = {http://doi.acm.org/10.1145/1370847.1370848},
 doi = {10.1145/1370847.1370848},
 acmid = {1370848},
 publisher = {ACM},
 address = {New York, NY, USA},
 keywords = {end-user software engineering, opportunistic programming, prototyping},
}

@inproceedings{storey_revolution_2014,
 author = {Storey, Margaret-Anne and Singer, Leif and Cleary, Brendan and Figueira Filho, Fernando and Zagalsky, Alexey},
 title = {The (R) Evolution of Social Media in Software Engineering},
 booktitle = {Proceedings of the on Future of Software Engineering},
 series = {FOSE 2014},
 year = {2014},
 isbn = {978-1-4503-2865-4},
 location = {Hyderabad, India},
 pages = {100--116},
 numpages = {17},
 url = {http://doi.acm.org/10.1145/2593882.2593887},
 doi = {10.1145/2593882.2593887},
 acmid = {2593887},
 publisher = {ACM},
 address = {New York, NY, USA},
 keywords = {Collaboration, Social Media, Software Engineering},
}

@ARTICLE{mili_reusing_1995,
author={H. Mili and F. Mili and A. Mili},
journal={IEEE Transactions on Software Engineering},
title={Reusing software: issues and research directions},
year={1995},
volume={21},
number={6},
pages={528-562},
keywords={object-oriented programming;software reusability;building blocks approach;managerial aspects;reusable components;reusable processor;reusable software;software component retrieval;software engineering;software productivity;software reuse measurements;technical challenges;Artificial intelligence;Buildings;Computer industry;Production;Productivity;Programming;Software engineering;Software quality;Software reusability;Software tools},
doi={10.1109/32.391379},
ISSN={0098-5589},
month={Jun},}

@inproceedings{nykaza_what_2002,
 author = {Nykaza, Janet and Messinger, Rhonda and Boehme, Fran and Norman, Cherie L. and Mace, Matthew and Gordon, Manuel},
 title = {What Programmers Really Want: Results of a Needs Assessment for SDK Documentation},
 booktitle = {Proceedings of the 20th Annual International Conference on Computer Documentation},
 series = {SIGDOC '02},
 year = {2002},
 isbn = {1-58113-543-2},
 location = {Toronto, Ontario, Canada},
 pages = {133--141},
 numpages = {9},
 url = {http://doi.acm.org/10.1145/584955.584976},
 doi = {10.1145/584955.584976},
 acmid = {584976},
 publisher = {ACM},
 address = {New York, NY, USA},
 keywords = {API documentation, SDK documentation, developer documentation, needs analysis, needs assessment, programmer documentation},
} 

@article{robillard_field_2011,
  title={A field study of API learning obstacles},
  author={Robillard, Martin P and Deline, Robert},
  journal={Empirical Software Engineering},
  volume={16},
  number={6},
  pages={703--732},
  year={2011},
  publisher={Springer}
}

@incollection{jeong_improving_2009,
  title={Improving documentation for eSOA APIs through user studies},
  author={Jeong, Sae Young and Xie, Yingyu and Beaton, Jack and Myers, Brad A and Stylos, Jeff and Ehret, Ralf and Karstens, Jan and Efeoglu, Arkin and Busse, Daniela K},
  booktitle={End-User Development},
  pages={86--105},
  year={2009},
  publisher={Springer}
}

@ARTICLE{lethbridge_how_2003,
author={T. C. Lethbridge and J. Singer and A. Forward},
journal={IEEE Software},
title={How software engineers use documentation: the state of the practice},
year={2003},
volume={20},
number={6},
pages={35-39},
keywords={software engineering;system documentation;decision making;documentation update;documentation use;software engineering;software engineers;software process managers;software process personnel;tool design;Data engineering;Documentation;Humans;Maintenance engineering;Power engineering and energy;Software engineering;Software maintenance;Software systems;Software testing;System testing},
doi={10.1109/MS.2003.1241364},
ISSN={0740-7459},
month={Nov},}

@inproceedings{pirolli_so_2009,
 author = {Pirolli, Peter and Wollny, Evelin and Suh, Bongwon},
 title = {So you know you're getting the best possible information: A tool that increases Wikipedia credibility},
 booktitle = {Proceedings of the SIGCHI Conference on Human Factors in Computing Systems},
 series = {CHI '09},
 year = {2009},
 isbn = {978-1-60558-246-7},
 location = {Boston, MA, USA},
 pages = {1505--1508},
 numpages = {4},
 url = {http://doi.acm.org/10.1145/1518701.1518929},
 doi = {10.1145/1518701.1518929},
 acmid = {1518929},
 publisher = {ACM},
 address = {New York, NY, USA},
 keywords = {Wikidashboard, Wikipedia, credibility},
}

@inproceedings{towne_your_2013,
 author = {Towne, W. Ben and Kittur, Aniket and Kinnaird, Peter and Herbsleb, James},
 title = {Your process is showing: Controversy management and perceived quality in Wikipedia},
 booktitle = {Proceedings of the 2013 Conference on Computer Supported Cooperative Work},
 series = {CSCW '13},
 year = {2013},
 isbn = {978-1-4503-1331-5},
 location = {San Antonio, Texas, USA},
 pages = {1059--1068},
 numpages = {10},
 url = {http://doi.acm.org/10.1145/2441776.2441896},
 doi = {10.1145/2441776.2441896},
 acmid = {2441896},
 publisher = {ACM},
 address = {New York, NY, USA},
 keywords = {discussion, dispute resolution, perceptions of quality, trust, user-generated content},
}

@inproceedings{borra_societal_2015,
 author = {Borra, Erik and Weltevrede, Esther and Ciuccarelli, Paolo and Kaltenbrunner, Andreas and Laniado, David and Magni, Giovanni and Mauri, Michele and Rogers, Richard and Venturini, Tommaso},
 title = {Societal Controversies in Wikipedia Articles},
 booktitle = {Proceedings of the 33rd Annual ACM Conference on Human Factors in Computing Systems},
 series = {CHI '15},
 year = {2015},
 isbn = {978-1-4503-3145-6},
 location = {Seoul, Republic of Korea},
 pages = {193--196},
 numpages = {4},
 url = {http://doi.acm.org/10.1145/2702123.2702436},
 doi = {10.1145/2702123.2702436},
 acmid = {2702436},
 publisher = {ACM},
 address = {New York, NY, USA},
 keywords = {controversy mapping, data visualization, social science, wikipedia},
} 

@article{arazy_recognizing_2010,
  title={Recognizing contributions in wikis: Authorship categories, algorithms, and visualizations},
  author={Arazy, Ofer and Stroulia, Eleni and Ruecker, Stan and Arias, Cristina and Fiorentino, Carlos and Ganev, Veselin and Yau, Timothy},
  journal={Journal of the American Society for Information Science and Technology},
  volume={61},
  number={6},
  pages={1166--1179},
  year={2010},
  publisher={Wiley Online Library}
}

@INPROCEEDINGS{begel_codebook_2010,
author={A. Begel and Y. P. Khoo and T. Zimmermann},
booktitle={2010 ACM/IEEE 32nd International Conference on Software Engineering},
title={Codebook: discovering and exploiting relationships in software repositories},
year={2010},
volume={1},
pages={125-134},
keywords={data mining;data structures;software development management;team working;Deep Intellisense;Hoozizat Intellisense;codebook framework;data structure;interteam coordination;large-scale software engineering;microsoft engineers;software repositories;software repository mining;Computer bugs;Crawlers;Databases;Electronic mail;Programming;Servers;Software;inter-team coordination;knowledge management;mining software repositories;regular expression;regular language reachability;social networking},
doi={10.1145/1806799.1806821},
ISSN={0270-5257},
month={May},}

@INPROCEEDINGS{hindle_whats_2009,
author={A. Hindle and M. W. Godfrey and R. C. Holt},
booktitle={Software Maintenance, 2009. ICSM 2009. IEEE International Conference on},
title={What's hot and what's not: Windowed developer topic analysis},
year={2009},
pages={339-348},
keywords={program visualisation;programming language semantics;software engineering;word processing;commit-log comments;latent dirichlet allocation tool;latent semantic indexing tool;software developers;software project development;windowed topic analysis;Control systems;Database systems;History;Indexing;Large scale integration;Linear discriminant analysis;Pattern analysis;Performance analysis;Software development management;Visualization},
doi={10.1109/ICSM.2009.5306310},
ISSN={1063-6773},
month={Sept},}

@inproceedings{kaptein_powerful_2010,
 author = {Kaptein, Maurits Clemens and Nass, Clifford and Markopoulos, Panos},
 title = {Powerful and Consistent Analysis of Likert-type Ratingscales},
 booktitle = {Proceedings of the SIGCHI Conference on Human Factors in Computing Systems},
 series = {CHI '10},
 year = {2010},
 isbn = {978-1-60558-929-9},
 location = {Atlanta, Georgia, USA},
 pages = {2391--2394},
 numpages = {4},
 url = {http://doi.acm.org/10.1145/1753326.1753686},
 doi = {10.1145/1753326.1753686},
 acmid = {1753686},
 publisher = {ACM},
 address = {New York, NY, USA},
 keywords = {nonparametric statistics, researchmethods, usability evaluation},
} 
